
@article{gushulak_effects_2021,
	title = {Effects of spatial variation in benthic phototrophs along a depth gradient on assessments of whole‚Äêlake processes},
	issn = {0046-5070, 1365-2427},
	url = {https://onlinelibrary.wiley.com/doi/10.1111/fwb.13820},
	doi = {10.1111/fwb.13820},
	language = {en},
	urldate = {2021-09-29},
	journal = {Freshwater Biology},
	author = {Gushulak, Cale A. C. and Haig, Heather A. and Kingsbury, Melanie V. and Wissel, Bjoern and Cumming, Brian F. and Leavitt, Peter R.},
	month = sep,
	year = {2021},
	pages = {fwb.13820},
}
